<?xml version="1.0" encoding="UTF-8"?><record xmlns="http://www.loc.gov/MARC21/slim" xmlns:cinclude="http://apache.org/cocoon/include/1.0" xmlns:zs="http://www.loc.gov/zing/srw/">
  <leader>00401nz  a2200121n  4500</leader>
  <controlfield tag="001">n  86844397 </controlfield>
  <controlfield tag="003">DLC</controlfield>
  <controlfield tag="005">19860804085741.9</controlfield>
  <controlfield tag="008">860804n| acannaab|          |n aad |||  </controlfield>
  <datafield tag="010" ind1=" " ind2=" ">
    <subfield code="a">n  86844397 </subfield>
  </datafield>
  <datafield tag="040" ind1=" " ind2=" ">
    <subfield code="a">DLC</subfield>
    <subfield code="c">DLC</subfield>
  </datafield>
  <datafield tag="100" ind1="1" ind2="0">
    <subfield code="a">Vint, Larry Francis,</subfield>
    <subfield code="d">1941-</subfield>
  </datafield>
  <datafield tag="670" ind1=" " ind2=" ">
    <subfield code="a">nuc86-71995: His Evaluation of selection practices ... 1971</subfield>
    <subfield code="b">(hdg. on DNAL rept.: Vint, Larry Francis, 1941- ; usage: Larry Francis Vint)</subfield>
  </datafield>
</record>